@book{PreussMusa,
   author = {{Preuß, Lothar} and {Musa, Harald}},
   title = {Computerschnittstellen},
   year = {1989},
   publisher = {Carl Hanser Verlag},
   address = {München; Wien}
}

@book{Schiffmann,
   author = {Schiffmann, Wolfram},
   title = {Technische Informatik 2},
   subtitle = {Grundlagen der Computertechnik},
   year = {2005},
   publisher = {Springer-Verlag},
   address = {Berlin; Heidelberg},
   edition = {5.}
}

@book{Baehring,
   author = {Bähring, Helmut},
   title = {Mikrorechner-Systeme},
   subtitle = {Mikroprozessoren, Speicher, Peripherie},
   year = {1995},
   publisher = {Springer-Verlag},
   address = {Berlin; Heidelberg; New York},
   edition = {2.}
}

@book{Althaus,
   author = {Althaus, Martin},
   title = {PC Profibuch},
   subtitle = {Extended Edition},
   year = {1991},
   publisher = {Sybex Verlag GmbH},
   address = {Düsseldorf},
   edition = {8.}
}
