@book{KieserMeder86,
   author = {Heiko Kieser and Michael Meder},
   title = {Mikroprozessortechnik},
   year = {1986},
   publisher = {VEB Verlag Technik},
   address = {Berlin},
   edition = {4.}
}
